<record><leader>00000cas a22000007a 4500</leader><controlfield tag="001">11377710</controlfield><controlfield tag="008">841113d19451956inuwr ne      0    0eng d</controlfield><datafield ind1=" " ind2=" " tag="010"><subfield code="a">sn 84045468 </subfield></datafield><datafield ind1=" " ind2=" " tag="040"><subfield code="a">NPI</subfield><subfield code="b">eng</subfield><subfield code="c">NPI</subfield><subfield code="d">OCLCQ</subfield></datafield><datafield ind1=" " ind2=" " tag="042"><subfield code="a">msc</subfield></datafield><datafield ind1="0" ind2=" " tag="130"><subfield code="a">Cannelton news (Cannelton, Ind. : 1945)</subfield></datafield><datafield ind1="1" ind2="4" tag="245"><subfield code="a">The Cannelton news.</subfield></datafield><datafield ind1=" " ind2=" " tag="260"><subfield code="a">Cannelton, Ind. :</subfield><subfield code="b">News Pub. Co.,</subfield><subfield code="c">1945-1956.</subfield></datafield><datafield ind1=" " ind2=" " tag="300"><subfield code="a">v. :</subfield><subfield code="b">ill. ;</subfield><subfield code="c">58 cm.</subfield></datafield><datafield ind1=" " ind2=" " tag="310"><subfield code="a">Weekly</subfield></datafield><datafield ind1="0" ind2=" " tag="362"><subfield code="a">June 5, 1945-Feb. 21, 1956.</subfield></datafield><datafield ind1=" " ind2=" " tag="752"><subfield code="a">United States</subfield><subfield code="b">Indiana</subfield><subfield code="c">Perry</subfield><subfield code="d">Cannelton.</subfield></datafield><datafield ind1="0" ind2="0" tag="780"><subfield code="t">Cannelton telephone</subfield><subfield code="w">(DLC)sn 84045489</subfield><subfield code="w">(OCoLC)11437237</subfield></datafield><datafield ind1="0" ind2="5" tag="780"><subfield code="t">Perry County Democrat (Cannelton, Ind.)</subfield><subfield code="w">(DLC)sn 87056396</subfield></datafield><datafield ind1="0" ind2="0" tag="785"><subfield code="t">Tuesday news</subfield><subfield code="w">(DLC)sn 84045491</subfield><subfield code="w">(OCoLC)11437342</subfield></datafield></record>